<?xml version="1.0" encoding="UTF-8"?>
<collection xmlns:xsi="http://www.w3.org/2001/XMLSchema-instance" xsi:schemaLocation="http://www.loc.gov/MARC21/slim http://www.loc.gov/standards/marcxml/schema/MARC21slim.xsd" xmlns="http://www.loc.gov/MARC21/slim">
<record>
  <leader>00661cam a22002051  4500</leader>
  <controlfield tag="001">3067328</controlfield>
  <controlfield tag="003">NNC</controlfield>
  <controlfield tag="005">20150920222917.0</controlfield>
  <controlfield tag="008">010816s1931    ua            000 0 ara d</controlfield>
  <datafield tag="035" ind1=" " ind2=" ">
    <subfield code="a">(OCoLC)ocm47791684</subfield>
  </datafield>
  <datafield tag="035" ind1=" " ind2=" ">
    <subfield code="9">ATN9731CU</subfield>
  </datafield>
  <datafield tag="035" ind1=" " ind2=" ">
    <subfield code="a">(NNC)3067328</subfield>
  </datafield>
  <datafield tag="040" ind1=" " ind2=" ">
    <subfield code="a">ZCU</subfield>
    <subfield code="c">ZCU</subfield>
  </datafield>
  <datafield tag="099" ind1=" " ind2=" ">
    <subfield code="a">893.491</subfield>
    <subfield code="a">H272</subfield>
  </datafield>
  <datafield tag="100" ind1="1" ind2=" ">
    <subfield code="a">Ḥasanī, ʻAbd al-Razzāq.</subfield>
  </datafield>
  <datafield tag="245" ind1="1" ind2="3">
    <subfield code="a">al-Sābiʾah qadīman wahadīthan,</subfield>
    <subfield code="b">biqalam al-Saiyid ʻAbd-al-Razzāq al-Ḥasanī, muṣaddaran bimuqaddimah nafīsa min qalam al-ʻallāmah Aḥmad Zakī Bāshā.</subfield>
  </datafield>
  <datafield tag="260" ind1=" " ind2=" ">
    <subfield code="a">Miṣr,</subfield>
    <subfield code="b">Maktabat al-Khānjī,</subfield>
    <subfield code="c">1931</subfield>
  </datafield>
  <datafield tag="300" ind1=" " ind2=" ">
    <subfield code="a">68 p.</subfield>
  </datafield>
  <datafield tag="650" ind1=" " ind2="0">
    <subfield code="a">Mandaeans.</subfield>
  </datafield>
  <datafield tag="955" ind1=" " ind2=" ">
    <subfield code="b">CU58860118</subfield>
    <subfield code="d">off,glx</subfield>
    <subfield code="e">893.491 H272</subfield>
  </datafield>
</record>
</collection>